@misc{lectureaboutproject,
  author="Zbyněk Křivka",
  title="{IPP – Projekt 2018/2019}",
  note="Dostupné online https://wis.fit.vutbr.cz/FIT/st/cfs.php?file=\%2Fcourse\%2FIPP-IT\%2Flectures\%2F2018-2019\%2F02-IPP\_Project-Krivka\_2019.pdf&cid=12776"
}
